%% Introduction
%%=========================================

%% General information about the industrial revolution and the information revolution
@book{freeman2001time,
    title =        "As time goes by: from the industrial revolutions to the information revolution",
    author =       "Freeman, Christopher and Lou{\c{c}}{\~a}, Francisco",
    year =         "2001",
    publisher =    "Oxford University Press"
}

%% Definition of digitization
@misc{misc-oed-digitization,
    author =       "{Oxford English Dictionary}",
    title =        "digitization",
    year =         "2010",
    howpublished = {\url{http://www.oed.com/view/Entry/240886}},
    publisher =    "Oxford English Dictionary",
    note =         "[Accessed: 2016-10-24]"
}

%% Information page for the digital library in Norway
@misc{misc-nb-digial-library,
    author =       "Nasjonalbiblioteket",
    year =         "2016",
    title =        "Collaboration Projects",
    howpublished = {\url{http://www.nb.no/English/The-Digital-Library/Collaboration-Projects}},
    publisher =    "Nasjonalbiblioteket",
    note =         "[Accessed: 2016-10-25]"
}

%% Gives a few examples of what we can do about digital storage (which possibilities it opens)
@article{lee2002state,
    title =        "The state of the art and practice in digital preservation",
    author =       "Lee, Kyong-Ho and Slattery, Oliver and Lu, Richang and Tang, Xiao and McCrary, Victor",
    journal =      "Journal of research of the National institute of standards and technology",
    volume =       "107",
    number =       "1",
    pages =        "93",
    year =         "2002",
    publisher =    "{National Institute of Standards and Technology}"
}

%% Mentions price and space of HDDs
@article{morris2003evolution,
    title =        "The evolution of storage systems",
    author =       "Morris, Robert JT and Truskowski, Brian J",
    journal =      "IBM systems Journal",
    volume =       "42",
    number =       "2",
    pages =        "205--217",
    year =         "2003",
    publisher =    "IBM"
}

%% Digitizaion of books. Google digitized for index searches
@article{coyle2006mass,
    title =        "Mass digitization of books",
    author =       "Coyle, Karen",
    journal =      "The Journal of Academic Librarianship",
    volume =       "32",
    number =       "6",
    pages =        "641--645",
    year =         "2006",
    publisher =    "Elsevier"
}

%% General talks of OCR and its part in AI
@book{mori1999optical,
    title =        "Optical character recognition",
    author =       "Mori, Shunji and Nishida, Hirobumi and Yamada, Hiromitsu",
    year =         "1999",
    publisher =    "John Wiley \& Sons, Inc."
}

%% US patent for OCR for blind people
@misc{kurzweil2000reading,
    title =        "Reading machine system for the blind having a dictionary",
    author =       "Kurzweil, Raymond C and Bhathena, Firdaus and Baum, Stephen R",
    year =         "2000",
    note =         "US Patent 6,033,224"
}

%% History of OCR, early research
@article{mori1992historical,
    title =        "Historical review of OCR research and development",
   author =        "Mori, Shunji and Suen, Ching Y and Yamamoto, Kazuhiko",
   journal =       "Proceedings of the IEEE",
   volume =        "80",
   number =        "7",
   pages =         "1029--1058",
   year =          "1992",
   publisher =     "IEEE"
}

%% Quote about current situations of OCR systems
@article{ye2015text,
    title =        "Text detection and recognition in imagery: A survey",
    author =       "Ye, Qixiang and Doermann, David",
    journal =      "IEEE transactions on pattern analysis and machine intelligence",
    volume =       "37",
    number =       "7",
    pages =        "1480--1500",
    year =         "2015",
    publisher =    "IEEE"
}

%%
%% NOTE: Not in use today
%%

%% News article about OCR
@misc{misc-aftenposten-posten,
    author =       "Ekroll, Henning Carr",
    title =        "Postens milliardanlegg takler ikke Times New Roman",
    year =         "2012",
    howpublished = {\url{http://www.aftenposten.no/okonomi/Postens-milliardanlegg-takler-ikke-Times-New-Roman-162990b.html}},
    note =         "[Accessed: 2017-03-09]"
}

%% OCR and damaged documents
@article{bhardwaj2014imaging,
    title =        "An Imaging Technique for Retrieval of Lost Content in Damaged Documents",
    author =       "Bhardwaj, Neelam and Agarwal, Suneeta",
    journal =      "International Journal of Computer Applications",
    volume =       "104",
    number =       "5",
    year =         "2014",
    publisher =    "Foundation of Computer Science"
}

%% Methodology
%%=========================================

%% The research book used in some course at NTNU that basically the entire chapter is quoted from
@book{oates2005researching,
    title =        "Researching information systems and computing",
    author =       "Oates, Briony J",
    year =         "2005",
    publisher =    "Sage"
}

%% Explains types of IT products
@article{march1995design,
    title =        "Design and natural science research on information technology",
    author =       "March, Salvatore T and Smith, Gerald F",
    journal =      "Decision support systems",
    volume =       "15",
    number =       "4",
    pages =        "251--266",
    year =         "1995",
    publisher =    "Elsevier"
}

%% Explains some steps in the research approach
@article{vaishnavi2004design,
    title =        "Design research in information systems",
    author =       "Vaishnavi, Vijay and Kuechler, Bill",
    year =         "2004",
    journal =      "Association for Information Systems",
    note =         "\url{https://web.archive.org/web/20050208031622/http://www.isworld.org/Researchdesign/drisisworld.htm}"
}

%% Problem
%%=========================================

%% Everything about typography
@book{felici2011complete,
    title =        "The complete manual of typography: a guide to setting perfect type",
    author =       "James W. Felici",
    year =         "2012",
    publisher =    "Peachpit Press ",
    isbn =         "9780321773265,0321773268",
    edition =      "2nd",
}

%% Problem Elaboration
%%=========================================

@misc{misc-arial-font,
    title =         {Arial {\textsuperscript{\textregistered}}},
    url =           {https://catalog.monotype.com/family/monotype/arial},
    note =          "[Accessed: 2016-10-25]",
    publisher =     {Monotype}
}

@misc{misc-minecraft.172-changelog,
    title =         {1.7.2 â€“ Official Minecraft Wiki},
    author =        {Gamepedia},
    url =           {http://minecraft.gamepedia.com/1.7.2},
    year =          {2013},
    publisher =     {Gamepedia},
    note =          "[Accessed: 2016-11-04]"
}

%% Background Theory
%%=========================================



%% TODO
@techreport{liao2012cs229,
    title={Cs229 final report reinforcement learning to play mario},
    author={Liao, Yizheng and Yi, Kun and Yang, Zhe},
    year={2012},
    institution={Technical report, Stanford University}
}

%% TODO
@inproceedings{le2013building,
    title={Building high-level features using large scale unsupervised learning},
    author={Le, Quoc V},
    booktitle={Acoustics, Speech and Signal Processing (ICASSP), 2013 IEEE International Conference on},
    pages={8595--8598},
    year={2013},
    organization={IEEE}
}

%% TODO
@article{cho2014learning,
    title={Learning phrase representations using RNN encoder-decoder for statistical machine translation},
    author={Cho, Kyunghyun and Van Merri{\"e}nboer, Bart and Gulcehre, Caglar and Bahdanau, Dzmitry and Bougares, Fethi and Schwenk, Holger and Bengio, Yoshua},
    journal={arXiv preprint arXiv:1406.1078},
    year={2014}
}

%% TODO
@article{bahdanau2014neural,
    title={Neural machine translation by jointly learning to align and translate},
    author={Bahdanau, Dzmitry and Cho, Kyunghyun and Bengio, Yoshua},
    journal={arXiv preprint arXiv:1409.0473},
    year={2014}
}

@article{hochreiter1997long,
    title={Long short-term memory},
    author={Hochreiter, Sepp and Schmidhuber, J{\"u}rgen},
    journal={Neural computation},
    volume={9},
    number={8},
    pages={1735--1780},
    year={1997},
    publisher={MIT Press}
}

%% TODO
@inproceedings{yang2016hierarchical,
    title={Hierarchical attention networks for document classification},
    author={Yang, Zichao and Yang, Diyi and Dyer, Chris and He, Xiaodong and Smola, Alex and Hovy, Eduard},
    booktitle={Proceedings of NAACL-HLT},
    pages={1480--1489},
    year={2016}
}

%% Related work
%%=========================================

@inproceedings{sutskever2014sequence,
    title={Sequence to sequence learning with neural networks},
    author={Sutskever, Ilya and Vinyals, Oriol and Le, Quoc V},
    booktitle={Advances in neural information processing systems},
    pages={3104--3112},
    year={2014}
}

@article{rocktaschel2015reasoning,
    title={Reasoning about entailment with neural attention},
    author={Rockt{\"a}schel, Tim and Grefenstette, Edward and Hermann, Karl Moritz and Ko{\v{c}}isk{\`y}, Tom{\'a}{\v{s}} and Blunsom, Phil},
    journal={arXiv preprint arXiv:1509.06664},
    year={2015}
}

%% No longer in use
%%=========================================

@book{rausand14,
	Address = {Hoboken, NJ},
	Author = {Rausand, Marvin},
	Date-Added = {2016-10-24 14:39:00 +0100},
	Publisher = {Wiley},
	Title = {Reiability of Safety-Critical Systems: Theory and Applications},
	Year = {2014}}

@article{lundteigen08,
	Author = {Lundteigen, Mary Ann and Rausand, Marvin},
	Date-Added = {2011-06-16 13:34:45 +0200},
	Date-Modified = {2011-06-16 13:34:45 +0200},
	Journal = {Reliability Engineering and System Safety},
	Pages = {1208--1217},
	Title = {Spurious activation of safety instrumented systems in the oil and gas industry: Basic concepts and formulas},
	Volume = {93},
	Year = {2008}
}

@book{rausand04,
	Address = {Hoboken, NJ},
	Author = {Rausand, Marvin and H{\o}yland, Arnljot},
	Date-Added = {2011-06-16 11:53:55 +0200},
	Date-Modified = {2011-06-16 11:55:09 +0200},
	Edition = {2nd},
	Publisher = {Wiley},
	Title = {System Reliability Theory: Models, Statistical Methods, and Applications},
	Year = {2004}
}

@article{article-mori1992historical,
    title={Historical review of OCR research and development},
    author={Mori, Shunji and Suen, Ching Y and Yamamoto, Kazuhiko},
    journal={Proceedings of the IEEE},
    volume={80},
    number={7},
    pages={1029--1058},
    year={1992},
    publisher={IEEE}
}

@misc{misc-patent-handel,
    title =         {United States Patent and Trademark Office},
    url =           {http://pdfpiw.uspto.gov/.piw?Docid=01915993},
    publisher =     {United States Patent and Trademark Office},
    note =          "[Accessed: 2016-10-28]"
}

@misc{misc-patent-tauschek,
    title =         {United States Patent and Trademark Office},
    url =           {http://pdfpiw.uspto.gov/.piw?Docid=02026329},
    publisher =     {United States Patent and Trademark Office},
    note =          "[Accessed: 2016-10-28]"
}

@misc{misc-tauschek1935reading,
    title =         {Reading machine},
    author =        {Tauschek, G.},
    url =           {https://www.google.ch/patents/US2026330},
    year =          {1935},
    month =         dec # "~31",
    publisher =     {Google Patents},
    note =          "[Accessed: 2016-10-28]"
}